@misc{geosphere_klima_v2_1m,
  author       = {GeoSphere Austria},
  title        = {klima-v2-1m: Monthly Weather Station Data for Austria},
  year         = {2025},
  howpublished = {\url{https://dataset.api.hub.geosphere.at/app/frontend/station/historical/klima-v2-1m}},
  note         = {Accessed: 2025-05-17. Licensed under CC BY 4.0},
}